800 1095
314 155 127 22 ..-15-.

98 210 110 26 Schachteln
228 210 38 21 und
281 210 78 25 Packete,
380 210 28 21 die
428 215 44 15 man
493 208 35 22 tnit
542 209 32 27 sich
594 209 59 26 führt,

99 236 48 25 desto
161 237 94 25 bequemer
269 237 38 20 und
324 236 72 26 leichter
409 236 42 26 geht
464 236 29 21 die
510 236 58 26 Reise.
602 236 52 21 Man

98 263 89 20 bekommt
200 263 19 26 ja
233 263 73 20 überall
319 266 43 17 ums
377 263 56 23 Geld,
447 265 41 18 was
508 268 45 15 man
571 262 82 26 braucht-

98 289 50 47 Anlch
162 289 54 26 kostet
230 289 29 21 ein
273 289 70 26 Koffer,
358 289 31 21 als
403 289 101 26 Frachtgut
513 288 83 27 geschickt,
606 288 48 26 nicht

98 315 28 21 vie
137 332 3 4 .
575 316 2 3 «

150 341 51 21 Aber
214 342 40 20 vier
268 342 126 25 Gegenstände
405 341 68 27 dürfen
480 341 49 21 beim
538 340 115 27 Reisegepäck

99 367 82 25 niemals
197 368 70 25 fehlen:
296 368 52 21 Das
362 368 69 22 Geld,
448 368 36 20 ein
500 367 60 26 Paß,
578 367 75 26 einige

98 395 53 25 gute
165 394 84 26 Bücher
263 395 38 20 und
316 395 30 20 ein
360 394 115 26 Festkleid.

365 436 11 22 l

151 476 79 26 Ehedem
257 476 23 21 ab
295 479 19 18 es
327 476 72 21 überall
413 476 74 26 Klöster
504 476 39 21 und
557 476 96 26 christliche

99 502 111 26 Herbergen
260 509 11 14 a
290 502 64 21 konnte
374 503 31 20 der
420 502 105 21 Wanderer
545 502 43 26 auch
606 503 46 25 ohne

99 529 49 21 Geld
169 529 122 24 übernachten
311 529 39 20 und
373 529 61 20 bekam
456 535 22 19 zu
502 529 45 25 essen
570 529 37 20 und
630 535 22 20 zu

98 555 77 22 trinken,
192 555 25 26 sso
234 555 37 20 biel
285 561 18 15 er
317 555 67 21 wollte.
411 555 43 21 Und
473 555 51 20 dann
538 555 55 24 steckte
607 560 44 16 man

99 580 39 25 ihm
155 581 35 25 erst
208 581 42 25 noch
269 581 38 20 eine
321 581 90 26 Zehrnng
428 581 33 24 aus
478 581 33 20 den
526 581 47 26 Weg
589 581 21 21 in
623 581 29 21 die

99 607 115 25 Reisetasche.
245 607 31 21 So
293 611 41 17 war
354 610 19 18 es
393 607 26 21 im
436 607 121 21 Mittelalter.
587 607 66 23 Selbst

99 633 79 21 Martin
198 633 68 25 Luther
287 633 47 25 stellt
353 633 39 26 ihm
416 633 35 21 das
472 633 76 26 ehrcnde
567 633 86 26 Zeugnis

100 662 47 18 aus:
169 659 50 25 »Im
233 659 119 26 Papsttum
366 663 46 17 war
429 659 137 26 jedermann
580 660 73 20 barm-

100 685 79 26 herzig
193 686 43 20 und
251 686 65 24 mild,
338 686 26 20 da
385 685 41 26 gab
447 691 50 20 man
518 686 40 20 mit
572 686 80 20 beiden

99 711 95 25 Händen
209 712 95 25 frdhlich
318 711 43 21 und
380 712 40 20 mit
435 712 82 25 großer
532 712 118 24 Andacht.«

100 738 74 25 Später
193 738 78 21 wurden
290 738 51 20 dann
361 738 28 20 die
409 738 74 25 meisten
497 737 75 25 Klöster
589 738 63 25 ausge-

99 764 60 25 hoben
181 764 38 21 und
242 764 34 21 den
290 764 71 20 Armen
388 764 28 20 die
436 764 165 26 Zufluchtsstittten
624 770 29 20 ge-

99 796 93 15 nommen.
212 790 44 21 Nur
269 790 70 26 wenige
352 789 81 26 bestehen
446 790 49 26 noch.
523 790 54 25 Diese
586 790 67 25 helfen,

100 816 19 26 so
141 816 37 21 viel
200 816 24 26 sie
242 816 76 21 können.
345 816 35 25 Ich
403 816 54 20 kenne
483 816 29 21 ein
538 816 115 26 Kapuziner-

97 842 67 26 kloster
179 854 22 3 —
212 845 20 18 es
245 842 23 26 ist
281 842 22 21 in
316 842 72 26 Luzern
398 854 30 11 —,
442 842 24 20 da
479 842 77 21 wurden
565 842 21 21 in
595 842 58 21 einem

100 868 81 26 einigen
195 868 63 25 Jahre
272 869 25 19 50
303 869 39 19 000
356 868 104 25 Portionen
466 868 68 25 Sappe
547 868 106 26 ausgeteilt.

100 895 30 20 Un
157 894 18 26 so
189 894 72 26 machen
277 897 19 18 es
314 894 43 25 auch
372 894 28 21 die
416 894 79 26 übrigen
508 894 93 21 Männer-
614 895 39 20 und

99 920 149 26 Frauentlösten
263 920 42 21 Nur
318 920 24 26 ist
355 920 40 25 ihre
408 920 52 25 Zahl
474 920 57 21 leider
545 926 23 20 zu
582 921 71 25 gering.

100 946 32 21 An
145 946 60 21 vielen
212 946 61 21 Orten
288 946 49 26 giebt
351 949 19 18 es
384 952 34 20 gar
431 946 48 20 keine
493 946 57 25 mehr.
577 947 76 20 Datum

99 972 24 27 ist
136 973 33 20 der
183 973 51 20 arme
248 972 105 28 Wanderer
367 972 28 26 oft
408 972 47 26 recht
468 972 43 21 übel
524 973 67 20 daran.
